@misc {ROSHumble_Logo,
    author={{Open Robotics}},
    title={{ROS2 Humble Art}},
    note={{Image available at: \url{https://github.com/openrobotics/artwork/blob/master/distributions/humble/HumbleHawksbillTransparent.png}}},
}

@misc {MoveIt2Humble_Logo,
    author={{PickNik Robotics}},
    title={{MoveIt2 Humble Art}},
    note={{Image available at: \url{https://moveit.picknik.ai/humble/_static/humble-small.png}}},
}

@misc {Docker_Logo,
    author={{Docker Inc.}},
    title={{Docker Logo}},
    note={{Image available at: \url{https://www.docker.com/company/newsroom/media-resources/}}},
}

@misc {ROS_Logo,
    author={{Open Robotics}},
    title={{ROS Logo}},
    note={{Image available at: \url{https://commons.wikimedia.org/wiki/File:Ros_logo.svg}}},
}

@misc {Python_Logo,
    author={{Python Software Foundation}},
    title={{Python Logo}},
    note={{Image available at: \url{https://www.python.org/static/community_logos/python-logo-inkscape.svg}}},
}

@misc {noVNC_Logo,
    author={{noVNC Authors and Contributors}},
    title={{noVNC Logo}},
    note={{Image available at: \url{https://github.com/novnc/noVNC/blob/master/app/images/icons/novnc-icon.svg}}},
}

@misc {Container,
    author={{kerismaker}},
    title={{Container}},
    note={{Image available at: \url{https://www.reshot.com/free-svg-icons/item/container-SH5MJB9DK7/}}},
}

@misc {Host,
    author={{IconBunny}},
    title={{Computer}},
    note={{Image available at: \url{https://www.reshot.com/free-svg-icons/item/computer-EK8XD9YUQS/}}},
}